
@MISC{crawdad,
  author =       {},
  title =        {{CRAWDAD} data set},
  howpublished = {},
  year =         {},
  month =        {},
  note =         {http://crawdad.cs.dartmouth.edu/},
  abstract =     {},
  keywords =     {},
  source =       {},
}

@MISC{cambridge-haggle-imote-content-2006-09-15,
  author = {James Scott and Richard Gass and Jon Crowcroft and Pan Hui and Christophe Diot and Augustin Chaintreau},
  title = {{CRAWDAD} trace cambridge/haggle/imote/content (v. 2006-09-15)},
  howpublished = {Downloaded from http://crawdad.cs.dartmouth.edu/cambridge/haggle/imote/content},
  month = sep,
  year = 2006
}

@MISC{cambridge-haggle-imote-2009-05-29,
  author = {James Scott and Richard Gass and Jon Crowcroft and Pan Hui and Christophe Diot and Augustin Chaintreau},
  title = {{CRAWDAD} trace set cambridge/haggle/imote (v. 2009-05-29)},
  howpublished = {Downloaded from http://crawdad.cs.dartmouth.edu/cambridge/haggle/imote},
  month = may,
  year = 2009
}

@article{IbrahimHN07,
  title = {Delay and resource analysis in MANETs in presence of throwboxes},
  author = {Mouhamad Ibrahim and Ahmad Al Hanbali and Philippe Nain},
  year = {2007},
  doi = {http://dx.doi.org/10.1016/j.peva.2007.06.005},
  tags = {analysis},
  researchr = {http://researchr.org/publication/IbrahimHN07},
  cites = {0},
  citedby = {0},
  journal = {Perform. Eval.},
  volume = {64},
  number = {9-12},
  pages = {933-947},
}

@MISC{columbia-enhants-2011-04-07,
	  author = {Maria Gorlatova and Michael Zapas and Enlin Xu and Matthias Bahlke and Ioannis (John) Kymissis and Gil Zussman},
	  title = {{CRAWDAD} data set columbia/enhants (v. 2011-04-07)},
	  howpublished = {Downloaded from http://crawdad.cs.dartmouth.edu/columbia/enhants},
	  month = apr,
	  year = 2011
	}

@MISC{intel-lab-data,
  author =       {{Intel Lab Data}},
  title =        {},
  howpublished = {http://db.csail.mit.edu/labdata/labdata.html},
  year =         {},
  month =        {},
  note =         {},
  abstract =     {},
  keywords =     {},
  source =       {},

@MISC{greenorbs,
  author =       {},
  title =        {{GreenOrbs}},
  howpublished = {},
  year =         {},
  month =        {},
  note =         {http://www.greenorbs.org/},
  abstract =     {},
  keywords =     {},
  source =       {},
}

@article{LiuHLWLL13,
  title={Does wireless sensor network scale? A measurement study on GreenOrbs},
  author={Liu, Yunhao and He, Yuan and Li, Mo and Wang, Jiliang and Liu, Kebin and Li, Xiangyang},
  journal={Parallel and Distributed Systems, IEEE Transactions on},
  volume={24},
  number={10},
  pages={1983--1993},
  year={2013},
  publisher={IEEE}
}
