@Misc{REU,
 howpublished = {REU Site: Exploring Human Centered and Socially Relevant Interactive Technologies in Computer Vision, Visualization, Pervasive Computing, Serious Games, and Social Networks, http://reu.uncc.edu, since 2006},
 }

@Misc{STARS,
  howpublished ={Students \& Technology in Academia, Research, and Service (STARS)
Alliance, http://www.starsalliance.org, since 2006},
}

@misc{lab,
howpublished ={Wireless Networking and Sensing (WiNS) Lab, University of North Carolina at Charlotte, http://nrl.uncc.edu},
}

%%%%%%%%%%%%%%%%%%%%%%%%%%%%%%%% Inprogress %%%%%%%%%%%%%%%%%%


%%%%%%%%%%%%%%%%%%%%%%%%%%%%%%%% Submitted Journals %%%%%%%%%%%%%%%%%%



@misc{WXLH13-TVT,
  author={Yu Wang and Dingbang Xu and Fan Li and Xiao He},
  title={L2P2: Location-aware Location Privacy Protection
for Mobile Location-based Services},
  year = {2013},
  OPTbooktitle={IEEE TVT},
  note =     {Submitted for publication}
} % 4/2013


@misc{CHLW12-TPDS,
  author={Siyuan Chen and Minsu Huang and Fan Li and Yu Wang},
  title={Topology Design Problem in Time-Evolving Delay-Tolerant Networks with Unreliable Links},
  year = {2012},
  OPTbooktitle={IEEE TPDS},
  note =     {Submitted for publication}
} % 8/2012




%%%%%%%%%%%%%%%%%%%%%%%%%%%%%%%% Submitted Conferences %%%%%%%%%%%%%%%%%%


@misc{TYWCW12,
author={Shaojie Tang and Jing Yuan and Yu Wang and Siyuan Chen and Cheng Wang},
title={Compressive Sensing Meets Periodic Data Gathering: Stability Analysis in Multihop Compressive Sensor Network},
year={2012},
  OPTbooktitle={SEcon 2013},
  note =     {Submitted for publication}
}





%%%%%%%%%%%%%%%%%%%%%%%%%%%%%%%% Submitted Book Chapters %%%%%%%%%%%%%%%%%%



%%%%%%%%%%%%%%%%%%%%%%%%%%%%%%%% Book Chapters%%%%%%%%%%%%%%%%%%

@MISC{W13-3DWSN,
  author =       "Yu Wang",
  title =        "Three-Dimensional Wireless Sensor Networks: Geometric Approaches for Topology and Routing Design",
  howpublished = "Book Chapter of ``The Art of Wireless Sensor Networks, Volume 2 - Advanced Topics and Applications'', edited by Habib M. Ammari, Springer. ISBN 978-3-642-40065-0",
  year =         "2013",
  note =         ""
}

@MISC{W13-3DWSN,
  author =       "Yu Wang",
  title =        "Data Collection in Wireless Sensor Networks: A Theoretical Perspective",
  howpublished = "Book Chapter of ``Wireless Sensor Networks: From Theory and Application'', edited by Ibrahiem M. M. El Emary and S.Ramakrishnan, CRC Press. ISBN: 978-1-466-51810-0",
  year =         "2013",
  note =         ""
}

@MISC{ZW12-DTN,
  author =       "Ying Zhu and Yu Wang",
  title =        "Social-based Routing in Opportunistic Networks",
  howpublished = "Book Chapter of ``Routing in Opportunistic Networks'', edited by Isaac Woungang, S.K. Dhurandher, A. Anpalagan, and T. Vasilakos, Springer. ISBN: 978-1-4614-3513-6",
  year =         "2013",
  note =         ""
}


@MISC{WL09-Localization,
  author =       "Yu Wang and Lin Li",
  title =        "Localization in Wireless Sensor Networks",
  howpublished = "Book Chapter of ``RFID and Sensor Networks: Architectures, Protocols, Security and Integrations'', edited by Yan Zhang, Laurence T. Yang, and Jiming Chen, Auerbach Publications, Taylor \& Francis Group. ISBN: 978-1-420-07777-3",
  year =         "2009",
  note =         ""
}

@MISC{WL09-VANET,
  author =       "Yu Wang and Fan Li",
  title =        "Vehicular Ad Hoc Networks",
  howpublished = "Book Chapter of ``Guide to Wireless Ad Hoc Networks'', edited by Sudip Misra, Isaac Woungang, and Subhas C. Misra, Springer. ISBN: 978-1-84800-327-9",
  year =         "2009",
  note =         ""
}

@MISC{W08-fault,
  author =       "Yu Wang",
  title =        "Fault Tolerant Topology Design for Ad Hoc and Sensor Networks",
  howpublished = "Book Chapter of ``Handbook of Research on Wireless Security'', edited by Yan Zhang, Jun Zheng, and Miao Ma, Idea Group Reference. ISBN: 978-1-599-04899-4",
  year =         "2008",
  note =         ""
}


@MISC{WWL08-EOA,
  author =       "Yu Wang and Weizhao Wang and Xiang-Yang Li",
  title =        "Weighted Connected Dominating Set",
  howpublished = "Entry of ``Encyclopedia of Algorithms'', edited by Ming-Yang Kao, Springer. ISBN: 978-0-387-30770-1",
  year =         "2008",
  note =         ""
}


@MISC{WLW08-EOA,
  author =       "Weizhao Wang and Xiang-Yang Li and Yu Wang",
  title =        "Truthful Multicast Routing in Selfish Wireless Networks",
  howpublished = "Entry of ``Encyclopedia of Algorithms'', edited by Ming-Yang Kao, Springer. ISBN: 978-0-387-30770-1",
  year =         "2008",
  note =         ""
}

@MISC{LW06-spanner,
  author =       "Yu Wang and Xiang-Yang Li",
  title =        "Geometrical Spanner for Wireless Ad Hoc Networks",
  howpublished = "Book Chapter of ``Handbook on Approximation Algorithms and Metaheuristics'',
  edited by Teofilo F. Gonzalez, Chapman \& Hall/CRC",
  year =         "2007",
  note =         ""
}


@MISC{W05-topology,
  author =       "Yu Wang",
  title =        "Topology Control for Wireless Sensor Networks",
  howpublished = "Book Chapter of ``Wireless Sensor Networks and Applications'', edited by Y. Li, M. Thai and W. Wu, Springer. ISBN: 978-0-387-49591-0",
  year =         "2008",
  note =         ""
}


@MISC{WSL05-blue,
  author =       "Yu Wang and Wen-Zhan Song and Xiang-Yang Li",
  title =        "Scatternet Formation and Self-Routing in Bluetooth Networks",
  howpublished = "Book Chapter of ``Wireless LANs and Bluetooth'',
  edited by Yang Xiao and Yi Pan, Nova Science Publishers. ISBN: 1-5945-4432-8",
  year =         "2005",
  month =        "April",
  note =         ""
}

@MISC{LW04-sensor,
  author =       "Xiang-Yang Li and Yu Wang",
  title =        "Wireless Sensor Networks and Computational Geometry",
  howpublished = "Book Chapter of ``Handbook of Sensor Networks'',
  edited by Mohammad Ilyas et al., CRC Press. ISBN: 0-8493-1968-4",
  year =         "2004",
  month =        "July",
  note =         ""
}


%%%%%%%%%%%%%%%%%%%%%%%%%%%%%%%% Accepted Journals%%%%%%%%%%%%%%%%%%

@misc{LZZGW12-PUC,
  author={Fan Li and Lunan Zhao and Chao Zhang and Zhenmin Gao and Yu Wang},
  title={Routing with Multi-Level Cross-Community Social Groups in Mobile Opportunistic Networks},
  year = {2012},
  OPTbooktitle={Personal and Ubiquitous Computing},
  note =     {accepted for publication}
} 




@misc{HCZW12-TC,
  author={Minsu Huang and Siyuan Chen and Ying Zhu and Yu Wang},
  title={Topology Control for Time-Evolving and Predictable Delay-Tolerant Networks},
  year = {2012},
  OPTbooktitle={IEEE TC},
  note =     {accepted for publication}
}




%%%%%%%%%%%%%%%%%%%%%%%%%% Published Journals%%%%%%%%%%%%%%%%%%


@article{YuWang-SIGACT,
author={Yu Wang},
title={Review of Vehicular Networks, from Theory to Practice, Edited by Stephan Olariu and Michele C. Weigle},
year={2012},
    journal={ACM SIGACT News},
  volume={43},
  number={4},
  pages={25-29}
}


@article{LHCJW13-TST,
author={Fan Li and Xiao He and Siyuan Chen and Libo Jiang and Yu Wang},
title={Traffic Load Distribution of Circular Sailing Routing in Dense Multihop Wireless Networks},
year={2013},
    journal={Tsinghua Science and Technology},
  volume={18},
  number={3},
  pages={220-229}
}


@article{CLHZW13-WINET,
  author={Siyuan Chen and Yang Li and Minsu Huang and Ying Zhu and Yu Wang},
  title={Energy-Balanced Cooperative Routing in Multihop Wireless Networks},
  year = {2013},
    journal={ACM Springer Wireless Networks (WINET)},
  volume={19},
  number={6},
  pages={1087-1099}
}


@article{WYHL13-adhoc,
  author={Yu Wang and Chih-Wei Yi and Minsu Huang and Fan Li},
  title={Three Dimensional Greedy Routing in Large-Scale Random Wireless Sensor Networks},
  year = {2013},
  journal={Ad Hoc Networks Journal},
  volume={11},
  number={4},
  pages={1331-1344}}


@article{LGW13-IJPEDS,
  author={Fan Li and Jinnan Gao and Yu Wang},
  title={Distributed Load Balancing Mechanism for Detouring Schemes of Geographic Routing in Wireless Sensor Networks},
  year = {2013},
  journal={International Journal of Parallel, Emergent and Distributed Systems},
  volume={28},
  number={2},
  pages={184-197}
  }


@article{ZXSW13-DTN-survey,
  author={Ying Zhu and Bin Xu and Xinghua Shi and Yu Wang},
  title={A Survey of Social-based Routing in Delay tolerant Networks: Positive and Negative Social Effects},
  year = {2013},
  journal={IEEE Communication Survey and Tutorials},
  volume={15},
  number={1},
  pages={387-401}
}  


@article{LYLW12-DTN,
  author={Huimei Lu and Lei Yin and Chao Li and Yu Wang},
  title={Congestion Control in Delay Tolerant Networks with Selfish Nodes},
  year = {2012},
  journal={Sensor Letters},
  volume={10},
  number={8},
  pages={1621-1631}
}


@article{WLG12-ocean,
author={Yu Wang and Yingjian Liu and Zhongwen Guo},
title={Three-Dimensional Ocean Sensor Networks: A Survey},
year={2012},
journal={Journal of Ocean University of China},
  volume={11},
  number={4},
  pages={436-450}
} 


@article{SW12-TST,
  author={Siyuan Chen and Yu Wang},
  title={Data Collection Capacity of Random-Deployed Wireless Sensor Networks under Physical Models},
  year = {2012},
  journal={Tsinghua Science and Technology},
  volume={17},
  number={5},
  pages={487-498}
}

@article{LZFW12-IJDSN,
  author={Fan Li and Lei Zhao and Xiumei Fan and Yu Wang},
  title={Hybrid Position-based and DTN Forwarding for Vehicular Sensor Networks},
  year = {2012},
  journal={International Journal of Distributed Sensor Networks},
Volume={2012}
}

@article{LCW12-WCN,
  author={Fan Li and Zeming Chen and Yu Wang},
  title={Localized Geometric Topologies with Bounded Node Degree for Three Dimensional Wireless Sensor Networks},
  year = {2012},
  journal={EURASIP Journal on Wireless Communications and Networking},
Volume={2012},
  number={1}
}


@article{ZHCW12-TPDS,
  author={Ying Zhu and Minsu Huang and Siyuan Chen and Yu Wang},
  title={Energy-Efficient Topology Control in Cooperative Ad Hoc Networks},
  year = {2011},
   journal={IEEE Transactions on Parallel and Distributed Systems (TPDS)},
Volume={23},
  number={8},
  pages={1480-1491}
}


@article{XWSX12-SCN,
  author={Dingbang Xu and Yu Wang and Xinghua Shi and Xiaohang Yin},
  title={User Identification and Anonymization in 802.11 Wireless LANs},
  year = {2012},
  journal={Security and Communication Networks},
Volume={5},
  number={1},
  pages={15-27}
}


@article{CHTW12-tpds,
author={Siyuan Chen and Minsu Huang and Shaojie Tang and Yu Wang},
title ={Capacity of Data Collection in Arbitrary Wireless Sensor Networks},
  year = {2012},
  journal={IEEE Transactions on Parallel and Distributed Systems (TPDS)},
 Volume={23},
  number={1},
  pages={52-60}
}

@article{WTSXW11-TAC,
  author={Changhua Wu and Girma S Tewolde and Weihua Sheng and Bin Xu and Yu Wang},
  title={Distributed Multi-Actuators Control for Workload Balancing in Wireless Sensor and Actuator Networks},
  year = {2011},
  journal={IEEE Trans. on Automatic Control},
 Volume={56},
  number={10},
  pages={2462-2467}
}

@article{CSWD11-IJAHUC,
  author={Lijuan Cao and Kashif Sharif and Teresa A. Dahlberg and Yu Wang},
  title={Multiple-Metric Hybrid Anycast Protocol for Heterogeneous Access Networks},
  year = {2011},
  journal={International Journal of Ad Hoc and Ubiquitous Computing (IJAHUC)},
 Volume={8},
  number={1/2},
  pages={36-53}
}

@article{WLSHD11-TPDS,
  author={Yu Wang and Xiang-Yang Li and Wen-Zhan Song and Minsu Huang and Teresa A. Dahlberg},
  title={Energy-Efficient Localized Routing in Random Multihop Wireless Networks},
  year = {2011},
  journal={IEEE Transactions on Parallel and Distributed Systems (TPDS)},
 Volume={22},
  number={8},
  pages={1249-1257}
}

@article{CWLS11-WINET,
  author={Siyuan Chen and Yu Wang and Xiang-Yang Li and Xinghua Shi},
  title={Capacity of Data Collection in Randomly-Deployed Wireless Sensor Networks},
  year = {2011},
  journal={Springer Wireless Networks (WINET)},
  Volume={17},
  number={2},
  pages={305-318}
}


@article{HCW11-adhoc,
  author={Minsu Huang and Siyuan Chen and Yu Wang},
  title={Minimum Cost Localization Problem in Wireless Sensor Networks},
  year = {2011},
  journal={Ad Hoc Networks Journal},
  Volume={9},
  number={3},
  pages={387-399}
}


@article{LWW11-TC,
  author={Xiang-Yang Li and Yajun Wang and Yu Wang},
  title={Complexities and Tradeoffs of Convergecast and Data Selection for Wireless Sensor Networks},
  year = {2011},
  journal={IEEE Trans on Computers},
  Volume={60},
  number={3},
  pages={386-399}
}


@article{SHZMW10,
  author={Lei Shu and Manfred Hauswirth and Yan Zhang and Geyong Min and Yu Wang},
  title={Cross-Layer Optimization for Data Gathering in Wireless Multimedia Sensor Networks within Expected Network Lifetime},
  year = {2010},
  journal={Journal of Universal Computer Science},
 Volume={16},
  number={10},
  pages={1343-1367}
}


@article{SZYWH10-TS,
  author={Lei Shu and Yan Zhang and Laurence T. Yang and Yu Wang and Manfred Hauswirth and Naixue Xiong},
  title={TPGF: Geographic Routing in Wireless Multimedia Sensor Networks},
  year = {2010},
  journal={Telecommunication Systems},
  Volume={44},
  number={1-2},
  pages={79-95}
}


@article{LCW10-JWCN,
  author={Fan Li and Siyuan Chen and Yu Wang},
  title={Load Balancing Routing with Bounded Stretch},
  year = {2010},
  journal={EURASIP Journal on Wireless Communications and Networking},
  volume="2010"
}

@article{WCDLS09-TASS,
  author={Yu Wang and Lijuan Cao and Teresa A. Dahlberg and Fan Li and Xinghua Shi},
  title={Self-Organizing Fault Tolerant Topology Control in Large-Scale Three-Dimensional Wireless Networks},
  year = {2009},
  journal={ACM Transactions on Autonomous and Adaptive Systems (TAAS)},
  volume="4",
  number="3",
  pages="19:1-19:21"
}

@article{LWCCWQ09-TPDS,
  author={Xiang-Yang Li and Yu Wang and Haiming Chen and Xiaowen Chu and Yanwei Wu and Yong Qi},
  title={Reliable and Energy Efficient Routing for Static Wireless Ad Hoc Networks with Unreliable Links},
  year = {2009},
  journal={IEEE Transactions on Parallel and Distributed Systems (TPDS)},
  volume="20",
  number="10",
  pages="1408-1421"
}

@article{SWRWL09-MdBBlue,
  author={Wen-Zhan Song and Yu Wang and Chao Ren and Chang-Hua Wu and Xiang-Yang Li},
  title={Multihop Scatternet Formation and Routing for Large Scale Bluetooth Networks},
  year = {2009},
  journal={International Journal of Ad Hoc and Ubiquitous Computing (IJAHUC)},
  volume="4",
  number="5",
  pages="251-268"
}



@article{WDW08-IJAACS,
  author={Yu Wang and Teresa A. Dahlberg and Weizhao Wang},
  title={Routing Game in Hybrid Wireless Mesh Networks with Selfish Mesh Clients},
  year = {2008},
  journal={International Journal of Autonomous and Adaptive Communications Systems (IJAACS)},
  volume="1",
  number="4",
  pages="425-446"
}

@article{WWLS08-TPDS,
  author={Yu Wang and Weizhao Wang and Xiang-Yang Li and Wen-Zhan Song},
  title={Interference-Aware Joint Routing and TDMA Link Scheduling for Static Wireless Networks},
  year = {2008},
  journal={IEEE Transactions on Parallel and Distributed Systems (TPDS)},
  volume="19",
  number="12",
  pages="1709-1726"
}

@article{WLWS08-JSAC,
  author={Weizhao Wang and Xiang-Yang Li and Yu Wang and Zheng Sun},
  title={Designing Multicast Protocols for Non-Cooperative Networks},
  year = {2008},
  journal={IEEE Journal on Selected Areas in Communications (JSAC)},
  volume="26",
  number="7",
  pages="1238-1249"
}

@article{LWLNW08-MONET,
  author={Fan Li and Yu Wang and Xiang-Yang Li and Ashraf Nusairat and Yanwei Wu},
  title={Gateway Placement for Throughput Optimization in Wireless Mesh Networks},
  year = {2008},
  journal={ACM/Springer Mobile Networks and Applications (MONET)},
  volume="13",
  number="1/2",
  pages="198-211"
}


@article{WLQ08-TPDS,
  author={Yu Wang and Xiang-Yang Li and Qian Zhang},
  title={Efficient Algorithms for p-Self-Protection Problem in Static Wireless Sensor Networks},
  year = {2008},
  journal={IEEE Transactions on Parallel and Distributed Systems (TPDS)},
  volume="19",
  number="10",
  pages="1426-1438"
}

@article{WLD08-IJSN,
  author={Yu Wang and Fan Li and Teresa A. Dahlberg},
  title={Energy-Efficient Topology Control for 3-Dimensional Sensor Networks},
  year = {2008},
  journal={International Journal of Sensor Networks (IJSNet)},
  volume="4",
  number="1/2",
  pages="68-78"
}

@article{LW07-VANET,
  author={Fan Li and Yu Wang},
  title={Routing in Vehicular Ad Hoc Networks: A Survey},
  year = {2007},
  journal={IEEE Vehicular Technology Magazine},
  volume="2",
  number="2",
  pages="12-22"
}

@article{WL07-IJCS,
  author={Yu Wang and Xiang-Yang Li},
  title={Efficient Delaunay-based Localized Routing for Wireless Sensor Networks},
  year = {2007},
  journal={Wiley International Journal of Communication System},
  volume="20",
  number="7",
  pages="767-789"
}

@article{WWL06-WCDS-TPDS,
  author={Yu Wang and Weizhao Wang and Xiang-Yang Li},
  title={Efficient Distributed Low Cost Backbone Formation for Wireless Networks},
  year = {2006},
  journal={IEEE Transactions on Parallel and Distributed Systems},
  volume="17",
  number="7",
  pages="681-693"
}

@article{LSW06-TOSN,
  author={Xiang-Yang Li and Wen-Zhan Song and Yu Wang},
  title={Localized Topology Control for Heterogeneous Wireless Sensor Networks},
  year = {2006},
  journal={ACM Transactions on Sensor Networks (TOSN)},
  volume="2",
  number="1",
  pages="129-153"
}

@article{WL06-MONET,
  author={Yu Wang and Xiang-Yang Li},
  title={Localized Construction of Bounded Degree and Planar Spanner for Wireless Ad Hoc Networks},
  year = {2006},
  journal={ACM/Springer Mobile Networks and Appli (MONET)},
  volume="11",
  number="2",
  pages="161-175"
}

@article{LW06-JPDC,
  author={Xiang-Yang Li and Yu Wang},
  title={Simple Approximation Algorithms and PTASs for Various Problems in Wireless Ad Hoc Networks},
  year =     {2006},
  journal={Elsevier Journal of Parallel and Distributed Computing (JPDC)},
  volume={66},
  number={4},
  pages={515-530}
}


@article{WL06-JCO,
  author={Yu Wang and Xiang-Yang Li},
  title={Minimum Power Assignment inWireless Ad Hoc Networks with Spanner Property},
  year = {2006},
  journal={Journal of Combinatorial Optimization},
  volume="11",
  number="1",
  pages="99-112"
}

@article{SWL05-MONET,
  author={Wen-Zhan Song and Yu Wang and Xiang-Yang Li},
  title={Localized Algorithms for Energy Efficient Topology in Wireless Ad Hoc Networks},
  year = {2005},
  journal={ACM/Springer Mobile Networks and Appli (MONET)},
  volume="10",
  number="6",
  pages="911-923"
}

@article{LSW05-WINET,
  author={Xiang-Yang Li and Wen-Zhan Song and Yu Wang},
  title={Efficient Topology Control for Wireless Ad Hoc Networks with Non-uniform Transmission Ranges},
  year = {2005},
  journal={ACM Springer Wireless Networks (WINET)},
  volume="11",
 number="3",
 pages="255-264"
}


@article{WSL05-JIT,
  author =   {Yu Wang and Ivan Stojmenovic and Xiang-Yang Li},
 title =     {{B}luetooth Scatternet Formation for Single-hop Ad Hoc Networks Based on Virtual Positions},
  journal= {Journal of Internet Technology},
  year={2005},
  volume="6",
 number="1",
 pages="43-52"
}

@article{SLWW05-JPDC,
  author={Wen-Zhan Song and Xiang-Yang Li and Yu Wang and Weizhao Wang},
  title={d{BB}lue: Low Diameter and Self-Routing {B}luetooth Scatternet},
  journal={Elsevier Journal of Parallel and Distributed Computing (JPDC)},
  year={2005},
  volume="65",
 number="2",
 pages="178-190"
}

@article{LWS04-TPDS-lmst,
  author={Xiang-Yang Li and Yu Wang and Wen-Zhan Song},
  title={Applications of k-Local {MST} for Topology Control and Broadcasting in Wireless Ad Hoc Networks},
  year = {2004},
  journal={IEEE Transactions on Parallel and Distributed Systems},
  volume="15",
 number="12",
 pages="1057- 1069"
}

@article{LW04-ijgca,
  author =   {Xiang-Yang Li and Yu Wang},
 title =     {Efficient Construction of Low Weight Bounded Degree Planar Spanner},
  journal= {International Journal of Computational Geometry and Applications },
  year={2004},
  volume="14",
 number="1-2",
 pages="69-84"
}


@article{LWWYF04-WCNC,
  author={Xiang-Yang Li and Peng-Jun Wan  and Yu Wang and Chih-Wei Yi  and Ophir Frieder},
  title={Fault Tolerant Deployment  and Topology Control in Wireless Ad Hoc Networks},
  year = {2004},
  volume="4",
 number="1",
 pages="109-125",
  Journal={Wiley Journal on Wireless Communications and Mobile Computing},
  note =     {The short version appeared at MobiHoc 2003.}
}

@article{LSW04-TPDS,
  author={Xiang-Yang Li and Ivan Stojmenovic and Yu Wang},
  title={Partial Delaunay Triangulation and Degree Limited Localized {B}luetooth Multihop
 Scatternet Formation},
  year =     {2004},
  volume="15",
 number="4",
 pages="350-361",
  Journal={IEEE Transaction on Parallel and Distributed Systems},
  note =     {The short version appeared at AdHocNow 2002.}
}


@article{LCWW03-tpds,
  author={Xiang-Yang Li and Gruia Calinescu and Peng-Jun Wan and Yu Wang},
  title={Localized Delaunay Triangulation with Application in Wireless Ad Hoc Networks},
  year = {2003},
  volume="14",
 number="10",
 pages="1035-1047",
  journal={IEEE Transaction on Parallel and Distributed Processing},
  note =     {Short version appeared at IEEE INFOCOM 2002.}
}

@article{ALWWF02-TPDS,
 author="Khaled Alzoubi and Xiang-Yang Li and Yu Wang and Peng-Jun Wan and Ophir Frieder",
 title="Geometric Spanners for Wireless Ad Hoc Networks",
 journal={IEEE Transactions on Parallel and Distributed Processing},
 year={2003},
  volume="14",
 number="4",
 pages="408-421",
 note={Short version in IEEE ICDCS 2002.}
}

@article{WL02-ijfcs,
  author =   {Yu Wang  and Xiang-Yang Li and Ophir Frieder},
 title =     {Distributed Spanner with Bounded Degree for Wireless Networks},
  journal= {International Journal of Foundations of Computer Science},
  year={2003},
  volume="14",
 number="2",
 pages="183-200"
}

@article{ZWL01-JCIP,
  author={Xiaoyan Zhu and Yu Wang and Jun Liu},
  title={An Approach of Fundamental Frequencies Smoothing for Chinese Tone Recognition},
  year = {2001},
  volume="15",
 number="2",
 pages="45-50",
  Journal={Journal of Chinese Information Processing}
}

@article{ZWX01-CJC,
  author={Xiaoyan Zhu and Yu Wang and Wei Xu},
  title={Speech Recognition Model Based on Recurrent Neural Networks},
  year = {2001},
  volume="24",
 number="2",
 pages="213-218",
  Journal={Chinese Journal of Computers}
}

%%%%%%%%%%%%%%%%%%%%%%%%%%%%%%%% Accepted Conference%%%%%%%%%%%%%%%%%%

@inproceedings{TYLWWL13-mobihoc,
  author={Shaojie Tang and Jing Yuan and Xiang-Yang Li and Yu Wang and Cheng Wang and Xuefeng Liu},
  title={{MINT}: Maximizing Information Propagation in Predictable Delay-Tolerant Network},
  year = {2013},
  booktitle={ACM Mobihoc 2013},
 }

@inproceedings{HCTLW13-mass,
author={Xiao He and Siyuan Chen and Shaojie Tang and Fan Li and Yu Wang},
title={Efficient Topology Design in Time-evolving and Energy Harvesting Wireless Sensor Networks},
year={2013},
booktitle={IEEE MASS 2013}
}


@inproceedings{ZZW13-D4D,
author={Ying Zhu and Chao Zhang and Yu Wang},
title={Mobile Data Delivery through Opportunistic Communications among Cellular Users:
A Case Study for the D4D Challenge},
year={2013},
 booktitle={The 3rd International Conference on the Analysis of Mobile Phone Datasets (NetMob 2013)}
}


@inproceedings{LHCJWW13,
author={Fan Li and Xiao He and Siyuan Chen and Libo Jiang and Dongliang Wang and Yu Wang},
title={Traffic Load Distribution of Circular Sailing Routing in Dense Wireless Networks},
year={2013},
 booktitle={Proceedings of the IEEE Wireless Communications and Networking Conference (WCNC 2013)}
}


@inproceedings{LZGZW12,
author={Fan Li and Chao Zhang and Zhenmin Gao and Lunan Zhao and Yu Wang},
title={Social Feature Enhanced Group-based Routing for Wireless Delay Tolerant Networks},
year={2012},
  booktitle={The 8th International Conference on Mobile Ad-hoc and Sensor Networks (MSN 2012)}
}

@inproceedings{ZLW12-globecom12,
  author={Lunan Zhao and Fan Li and Yu Wang},
  title={Routing with Multi-Level Social Groups in Mobile Opportunistic Networks},
  year = {2012},
  booktitle = {IEEE Global Telecommunications Conference (Globecom 12)}
  }

@inproceedings{HCW12-Globecom,
  author={Minsu Huang and Siyuan Chen and Fan Li and Yu Wang},
  title={Topology Design in Time-Evolving Delay-Tolerant Networks with Unreliable Links},
  year = {2012},
  booktitle = {IEEE Global Telecommunications Conference (Globecom 10)}
}


@inproceedings{ZSW12-MDC12,
  author={Ying Zhu and Yong Sun and Yu Wang},
  title={Nokia Mobile Data Challenge: Predicting Semantic Place and Next Place via Mobile Data},
  year = {2012},
  booktitle={Mobile Data Challenge by Nokia Workshop, in conjunction with Int. Conf.. on Pervasive Computing}
}

@inproceedings{ZLW12-VTC12,
  author={Lei Zhao and Fan Li and Yu Wang},
  title={Hybrid Position-based and DTN Forwarding in Vehicular Wireless Ad Hoc Networks},
  year = {2012},
  booktitle={2012 IEEE 76th Vehicular Technology Conference (VTC 2012-Fall)}
}

@inproceedings{GLW12-VTC12,
  author={Jinnan Gao and Fan Li and Yu Wang},
  title={Distributed Load Balancing Mechanism for Detouring Routing Holes in Sensor Networks},
  year = {2012},
  booktitle={2012 IEEE 76th Vehicular Technology Conference (VTC 2012-Fall)}
}


@inproceedings{CHLZW11-icc12,
  author={Siyuan Chen and Minsu Huang and Yang Li and Ying Zhu and Yu Wang},
  title={Energy-Balanced Cooperative Routing in Multihop Wireless Ad Hoc Networks},
  year = {2012},
  booktitle={2012 IEEE International Conference on Communications (ICC2012)}
}

@inproceedings{WXHZLXT12-infocom,
  author={Yu Wang and Dingbang Xu and Xiao He and Chao Zhang and Fan Li and Bin Xu},
  title={L2P2: Location-aware Location Privacy Protection for Location-based Services},
  year = {2012},
  booktitle={IEEE 31st Conference on Computer Communications (INFOCOM12)}
}

@inproceedings{LCY11-MSN,
  author={Fan Li and Zeming Chen and Yu Wang},
  title={Localized Topologies with Bounded Node Degree for Three Dimensional Wireless Sensor Networks},
  year = {2011},
  booktitle={7th International Conference on Mobile Ad-hoc and Sensor Networks (MSN'11)}
}

@inproceedings{HCZXW11-mass,
  author={Minsu Huang and Siyuan Chen and Ying Zhu and Bin Xu and Yu Wang},
  title={Topology Control for Time-Evolving and Predictable Delay-Tolerant Networks},
  year = {2011},
  booktitle={8th IEEE International Conference on Mobile Ad-hoc and Sensor Systems (MASS 2011)}
}


@inproceedings{ZHCW11-info11,
  author={Ying Zhu and Minsu Huang and Siyuan Chen and Yu Wang},
  title={Cooperative Energy Spanners: Energy-Efficient Topology Control in Cooperative Ad Hoc Networks},
  year = {2011},
  booktitle={IEEE 30th Conference on Computer Communications (INFOCOM11), Mini-conference}
}


@inproceedings{HCZW10-globecom,
  author={Minsu Huang and Siyuan Chen and Ying Zhu and Yu Wang},
  title={Cost-Efficient Topology Design Problem in Time-Evolving Delay-Tolerant Networks},
  year = {2010},
  booktitle = {IEEE Global Telecommunications Conference (Globecom 10)}
}

@inproceedings{XWSY10-globecom,
  author={Dingbang Xu and Yu Wang and Xinghua Shi and Xiaohang Yin},
  title={802.11 User Anonymization},
  year = {2010},
  booktitle = {IEEE Global Telecommunications Conference (Globecom 10)}
}


@inproceedings{HLW10-WASA,
  author={Minsu Huang and Fan Li and Yu Wang},
  title={Energy-Efficient Restricted Greedy Routing for Three Dimensional Random Wireless Networks},
  year = {2010},
  booktitle={5th International Conference on Wireless Algorithms, Systems and Applications (WASA’10)}
}

@inproceedings{LLZGZCW10-IOT,
  author={Fan Li and Lejian Liao and Lei Zhao and Jinnan Gao and Lunan Zhao and Zeming Chen and Yu Wang},
  title={Routing Protocols for Vehicular Ad Hoc Networks in Intelligent Transportation Systems},
  year = {2010},
  booktitle={1st Chinese Internet of Things Conference}
}

@inproceedings{HCW10-secon,
  author={Minsu Huang and Siyuan Chen and Yu Wang},
  title={Minimum Cost Localization Problem in Wireless Sensor Networks},
  year = {2010},
  booktitle={7th Annual IEEE Communications Society Conference on Sensor, Mesh, and Ad Hoc Communications and Networks (SECON 2010)}
}

@inproceedings{CTHW10-info,
  author={Siyuan Chen and Shaojie Tang and Minsu Huang and Yu Wang},
  title={Capacity of Data Collection in Arbitrary Wireless Sensor Networks},
  year = {2010},
  booktitle={IEEE 29th Conference on Computer Communications (INFOCOM10), Mini-conference}
}

@inproceedings{KSW09-CA,
  author={Myung Kyun Kim and Liang Shan and Yu Wang},
  title={EDF-based Real-time Message Scheduling of Periodic Messages on a Master-Slave-Based Synchronized Switched Ethernet},
  title={Proc. of the 2009 International Conference on Control and Automation (CA 2009)},
  year = {2009},
  pages={62-70}
}

@inproceedings{CWLL09-globecom,
  author={Siyuan Chen and Yu Wang and Xiang-Yang Li and Xinghua Shi},
  title={Data Collection Capacity of Random-Deployed Wireless Sensor Networks},
  year = {2009},
  booktitle = {IEEE Global Telecommunications Conference (Globecom 09)}
}

@inproceedings{CWLL09-secon,
  author={Siyuan Chen and Yu Wang and Xiang-Yang Li and Xinghua Shi},
  title={Order-Optimal Data Collection in Wireless Sensor Networks: Delay and Capacity},
  year = {2009},
  booktitle={6th Annual IEEE Communications Society Conference on Sensor, Mesh, and Ad Hoc Communications and Networks (SECON 2009)}
}


@inproceedings{XWS09-icccn,
  author={Dingbang Xu and Yu Wang and Xinghua Shi},
  title={Enhanced Feature Selection and Generation for 802.11 User Identification},
  year = {2009},
  booktitle={18th IEEE International Conference on Computer Communications and Networks (ICCCN 2009)}
}


@inproceedings{CSWD09-ccnc,
  author={Lijuan Cao and Kashif Sharif and Yu Wang and Teresa A. Dahlberg},
  title={Multiple-Metric Hybrid Routing Protocol for Heterogeneous Wireless Access Networks},
  year = {2009},
  booktitle={6th Annual IEEE Consumer Communications \& Networking Conference (CCNC 2009)},
}


@inproceedings{SZYWH08-FGCN,
  author={Lei Shu and Yan Zhang and Laurence T. Yang and Yu Wang and Manfred Hauswirth},
  title={Geographic Routing in Wireless Multimedia Sensor Networks},
  year = {2008},
  booktitle={The 2nd International Conference on Future Generation Communication and Networking (FGCN 2008)},
}


@inproceedings{WYL08-WASA,
  author={Yu Wang and Chih-Wei Yi and Fan Li},
  title={Delivery Guarantee of Greedy Routing in Three Dimensional Wireless Networks},
  year = {2008},
  booktitle={International Conference on Wireless Algorithms, Systems and Applications (WASA08)}
}

@inproceedings{ZCWXS08-pimrc,
  author={Jianhui Zhang and Jiming Chen and Yu Wang and Yang Xiao and Youxian Sun},
  title={A Simple Algorithm for Fault-Tolerant Topology Control in Wireless Sensor Network},
  year = {2008},
  booktitle={The 19th Annual IEEE International Symposium on Personal, Indoor and Mobile Radio Communications (PIMRC)}
}

@inproceedings{TWWS08-case,
  author={Girma Tewolde and Changhua Wu and Yu Wang and Weihua Sheng},
  title={Distributed Multi-robot Work Load Partition In Manufacturing Automation},
  year = {2008},
  booktitle={The 4th Annual IEEE Conference on Automation Science and Engineering (CASE 2008)}
}

@inproceedings{SCWD08-icccn,
  author={Kashif Sharif and Lijuan Cao and Yu Wang and Teresa A. Dahlberg},
  title={A Hybrid Anycast Routing Protocol for Load Balancing in Heterogeneous Access Networks},
  year = {2008},
  booktitle={17th IEEE International Conference on Computer Communications and Networks (ICCCN 2008)}
}

@inproceedings{WCD08-icccn,
  author={Yu Wang and Lijuan Cao and Teresa A. Dahlberg},
  title={Efficient Fault Tolerant Topology Control for Three-Dimensional Wireless Networks},
  year = {2008},
  booktitle={17th IEEE International Conference on Computer Communications and Networks (ICCCN 2008)}
}


@inproceedings{WW08-icc,
  author={Weichao Wang and Yu Wang},
  title={Secure Group-based Information Sharing in Mobile Ad Hoc Networks},
  year = {2008},
  booktitle={2008 IEEE International Conference on Communications (ICC2008)}
}

@inproceedings{LW08-icc,
  author={Fan Li and Yu Wang},
  title={Stretch Factor of Curveball Routing in Wireless Network: Cost of Load Balancing},
  year = {2008},
  booktitle={2008 IEEE International Conference on Communications (ICC2008)}
}

@inproceedings{LCWC08-icc,
  author={Fan Li and Siyuan Chen and Yu Wang and Jiming Chen},
  title={Load Balancing Routing in Three Dimensional Wireless Networks},
  year = {2008},
  booktitle={2008 IEEE International Conference on Communications (ICC2008)}
}

@inproceedings{LW08-info,
  author={Fan Li and Yu Wang},
  title={Circular Sailing Routing for Wireless Networks},
  year = {2008},
  booktitle={IEEE 27th Conference on Computer Communications (INFOCOM08)}
}

@inproceedings{CSWD08-CCNC,
  author={Lijuan Cao and Kashif Sharif and Yu Wang and Teresa Dahlberg},
  title={Adaptive Multiple Metrics Routing Protocols for Heterogenous Multi-Hop Wireless Networks},
  year = {2008},
  booktitle={5th IEEE Consumer Communications \& Networking Conference (CCNC 2008)},
}

@inproceedings{WLZ07-globecom,
  author={Yu Wang and Xiang-Yang Li and Qian Zhang},
  title={Efficient Self Protection Algorithms for Static Wireless Sensor Networks},
  year = {2007},
  booktitle={IEEE Global Telecommunications Conference (Globecom 2007)},
}

@inproceedings{WW07-cira,
  author={Yu Wang and Chang-Hua Wu},
  title={Robot-Assisted Sensor Network Deployment and Data Collection},
  year = {2007},
  booktitle={7th IEEE International Symposium on Computational Intelligence in Robotics and Automation (CIRA2007)},
}

@inproceedings{LWL07-icc,
  author={Fan Li and Yu Wang and Xiang-Yang Li},
  title={Gateway Placement for Throughput Optimization in Wireless Mesh Networks},
  year = {2007},
  booktitle={2007 IEEE International Conference on Communications (ICC 2007)},
}

@inproceedings{CDW07-ipccc,
  author={Lijuan Cao and Teresa A. Dahlberg and Yu Wang},
  title={Performance Evaluation of Energy Efficient Ad Hoc Routing Protocols},
  year = {2007},
  booktitle={26th IEEE International Performance Computing and Communications Conference (IPCCC 2007)},
}


@inproceedings{WSWLD06-Secon,
  author={Yu Wang and Wen-Zhan Song and Weizhao Wang and Xiang-Yang Li and Teresa A. Dahlberg},
  title={{LEARN}: Localized Energy Aware Restricted Neighborhood Routing for Ad Hoc Networks},
  year = {2006},
  booktitle={3rd Annual IEEE Communications Society Conference on Sensor, Mesh, and Ad Hoc Communications and Networks (SECON 2006)},
}

@inproceedings{WEWL06-MobiCom,
  author={Weizhao Wang and Stephan Eidenbenz and Yu Wang and Xiang-Yang Li},
  title={{OURS}: Optimal Unicast Routing System in Non-Cooperative Wireless Networks},
  year = {2006},
  booktitle={12th ACM Annual International Conference on Mobile Computing and Networking (MobiCom 2006)},
}

@inproceedings{WWLSF06-MobiCom,
  author={Weizhao Wang and Yu Wang and Xiang-Yang Li and Wen-Zhan Song and Ophir Frieder},
  title={Efficient Interference-Aware TDMA Link Scheduling for Static Wireless Networks},
  year = {2006},
  booktitle={12th ACM Annual International Conference on Mobile Computing and Networking (MobiCom 2006)},
}

@inproceedings{WLD06-GlobeCom,
  author={Yu Wang and Fan Li and Teresa Dahlberg},
  title={Power Efficient 3-Dimensional Topology Control for Ad Hoc and Sensor Networks},
  year = {2006},
  booktitle={IEEE Global Telecommunications Conference (GlobeCom 2006)},
}


@inproceedings{WWD05-Globecom,
  author={Yu Wang and Weizhao Wang and Teresa A. Dahlberg},
  title={Truthful Routing for Wireless Hybrid Networks},
  year = {2005},
  booktitle={IEEE Global Telecommunications Conference (Globecom 2005)},
  address = {St. Louis, Missouri}}

@inproceedings{WS05-ICCCN,
  author={Yu Wang and Xinghua Shi},
  title={Efficient On-Demand Topology Control for Wireless Ad Hoc Networks},
  year = {2005},
  booktitle={14th IEEE International Conference on Computer Communications and Networks (ICCCN 2005)},
  address = {San Diego, California}}

@inproceedings{WWL05-WCDS,
  author={Yu Wang and Weizhao Wang and Xiang-Yang Li},
  title={Efficient Distributed Low-Cost Backbone Formation for Wireless Networks},
  year = {2005},
  booktitle={6th ACM International Symposium on Mobile Ad Hoc Networking and Computing (MobiHoc 2005)},
  address = {Urbana-Champaign, Illinois }}

@inproceedings{WLSW05-info,
  author={Weizhao Wang and Xiang-Yang Li and Zheng Sun and Yu Wang},
  title={Design Multicast Protocols for Non-Cooperative Networks},
  year = {2005},
  booktitle={24th Annual Joint Conference of the IEEE Computer and Communications Societies (INFOCOM05)}
}

@inproceedings{LSW04-mass,
  author={Xiang-Yang Li and Wen-Zhan Song and Yu Wang},
  title={Localized Topology Control for Heterogenous Wireless Ad Hoc Networks},
  year = {2004},
  booktitle={1st IEEE International Conference on Mobile Ad-hoc and Sensor Systems (MASS 2004)}
}

@inproceedings{WLW04-mobicom,
  author={Weizhao Wang and Xiang-Yang Li and Yu Wang},
  title={Truthful Multicast in Selfish Wireless Networks},
  year = {2004},
  booktitle={10th ACM Annual International Conference on Mobile Computing and Networking (MobiCom 2004)}
}

@inproceedings{MSWWL04-TAWN,
  author={Kousha Moaveni-Nejad and Wen-Zhan Song and Weizhao Wang and Yu Wang and Xiang-Yang Li},
  title={Low-Interference Topology Control for Wireless Ad Hoc Networks},
  year = {2004},
  booktitle={1st NSF International Workshop on Theoretical Aspects of Wireless Ad Hoc, Sensor, and Peer-to-Peer Networks (TAWN)}
}

@inproceedings{SWLF04-TAWN,
  author={Wen-Zhan Song and Yu Wang and Xiang-Yang Li and Ophir Frieder},
  title={Energy Efficient Topology for Unicast and Broadcast Routings},
  year = {2004},
  booktitle={1st NSF International Workshop on Theoretical Aspects of Wireless Ad Hoc, Sensor, and Peer-to-Peer Networks (TAWN)}
}

@inproceedings{LMSWW04-TAWN,
  author={Xiang-Yang Li and Kousha Moaveni-Nejad and Wen-Zhan Song and Weizhao Wang and Yu Wang},
  title={Efficient Weighted Backbone Construction for Wireless Ad Hoc Networks},
  year = {2004},
  booktitle={1st NSF International Workshop on Theoretical Aspects of Wireless Ad Hoc, Sensor, and Peer-to-Peer Networks (TAWN)}
}

@inproceedings{SWLF04-mobihoc,
  author={Wen-Zhan Song and Yu Wang and Xiang-Yang Li and Ophir Frieder},
  title={Localized Algorithms for Energy Efficient Topology in Wireless Ad Hoc Networks},
  year = {2004},
  booktitle={5th ACM International Symposium on Mobile Ad Hoc Networking and Computing (MobiHoc 2004)},
  address = {Tokyo, Japan }
}


@inproceedings{WSL04-ISCC,
  author={Yu Wang and Ivan Stojmenovic and Xiang-Yang Li },
  title={{B}luetooth Scatternet Formation for Single-hop Ad Hoc Networks Based on Virtual Positions},
  year = {2004},
  booktitle={The Ninth IEEE Symposium on Computers and Communications (ISCC 2004)},
  address = {Alexandria, Egypt }
}


@inproceedings{WL04-HPSR,
  author={Yu Wang and Xiang-Yang Li },
  title={Minimum Power Assignment in Wireless Ad Hoc Networks with Spanner Property},
  year = {2004},
  booktitle={IEEE Workshop on High Performance Switching and Routing}
}

@inproceedings{LWWSF04-info,
  author={Xiang-Yang Li and Yu Wang and Peng-Jun Wan and Wen-Zhan Song and Ophir Frieder},
  title={Localized Low Weight Graph and Its Applications
 in Wireless Ad Hoc Networks},
  year = {2004},
  booktitle={IEEE INFOCOM 2004}
}

@inproceedings{WLKWS03-cccg,
  author={Weizhao Wang and Xiang-Yang Li and Kousha Moaveni-Nejad and Yu Wang and Wen-Zhan Song},
  title={The Spanning ratios of Beta-Skeletons},
  year = {2003},
  booktitle={Canadian Conference on Computational Geomety (CCCG 2003)}
}

@inproceedings{SLWW03-DIALM,
  author={Wen-Zhan Song and Xiang-Yang Li and Yu Wang and Weizhao Wang},
  title={d{BB}lue: Low Diameter and Self-Routing {B}luetooth Scatternet},
  year = {2003},
  booktitle={ACM DIALM-POMC Joint Workshop on Foundations of Mobile Computing}
}


@inproceedings{WL03-DIALM,
  author={Yu Wang and Xiang-Yang Li },
  title={Localized Construction of Bounded Degree Planar Spanner for Wireless Networks},
  year = {2003},
  booktitle={ACM DIALM-POMC Joint Workshop on Foundations of Mobile Computing}
}

@inproceedings{LW03-cocoon,
  author={Xiang-Yang Li and Yu Wang},
  title={Efficient Construction of Bounded Degree Planar Spanner},
  year = {2003},
  booktitle={The 9th Annual International Computing and Combinatorics Conference (COCOON2003)}
}


@inproceedings{LW03-mobihoc,
  author={Xiang-Yang Li and Peng-Jun Wan  and Yu Wang and Chih-Wei Yi},
  title={Fault Tolerant Deployement and Topology Constrol for Wireless Ad Hoc Networks},
  year = {2003},
  booktitle={The Fourth ACM International Symposium on Mobile Ad Hoc Networking and Computing (MobiHoc2003)}
}


@inproceedings{LW03-mwn,
  author={Xiang-Yang Li and Yu Wang},
  title={Efficient Localized Routing for Wireless Ad Hoc Networks},
  year = {2003},
  booktitle={IEEE ICDCS Workshop on Mobile and Wireless Networks (MWN 2003)}
}

@inproceedings{LW03-icc-a,
  author={Xiang-Yang Li and Yu Wang},
  title={Localized Routing for Wireless Ad Hoc Networks},
  year = {2003},
  booktitle={IEEE International Conference on Communications (ICC 2003)}
}

@inproceedings{LW03-icc-b,
  author={Xiang-Yang Li and Yu Wang and Peng-Jun Wan and Ophir Frieder and Chih-Wei Yi},
  title={Robust Wireless Ad Hoc Networks},
  year = {2003},
  booktitle={IEEE International Conference on Communications (ICC 2003)}
}

@inproceedings{WLF02-icccn,
  author="Xiang-Yang Li and Yu Wang and Ophir Frieder",
  title="Efficient Hybrid Key Agreement Protocols for Wireless Ad Hoc Networks",
  year="2002",
  booktitle="IEEE International Conference on Computer Communications and Networks (ICCCN02)"
}

@inproceedings{LW02-dialm,
  author={Xiang-Yang Li and Yu Wang},
  title={Simple Heuristics and PTASs for Intersection Graphs in Wireless Ad Hoc Networks},
  year = {2002},
  booktitle={ACM 6th International Workshop on Discrete Algorithms and Methods for Mobile Computing and Communications (DIALM2002)}
}


@inproceedings{WL02-icdcs,
author={Yu Wang and Xiang-Yang Li},
title={Geometric Spanners for Wireless Ad Hoc Networks},
booktitle={Proc. of 22nd IEEE International Conference on Distributed Computing Systems (ICDCS)},
year={2002}
}

@inproceedings{WL02-ipdps,
  author =   {Yu Wang and Xiang-Yang Li},
  title =    {Distributed Spanner with Bounded Degree for Wireless Ad Hoc Networks},
  booktitle=     {International Parallel and Distributed Processing Symposium:
Parallel and Distributed Computing Issues in Wireless networks and Mobile Computing},
  year =     {2002},
  month =    {April}
}


@inproceedings{LWW01-icccn,
  author =   {Xiang-Yang Li and Peng-Jun Wan and Yu Wang},
  title =    {Power Efficient and Sparse Spanner for Wireless Ad Hoc
Networks},
  booktitle={IEEE Int. Conf. on Computer Communications and Networks (ICCCN01)},
  pages="564-567",
  year =     {2001}
}

@inproceedings{LWWF01-hicss,
  author =   {Xiang-Yang Li and Peng-Jun Wan and Yu Wang  and Ophir Frieder},
  title =    {Sparse Power Efficient Topology for Wireless Networks},
  booktitle= {IEEE Hawaii Int. Conf. on System Sciences (HICSS)},
  year =     {2002}
}

@inproceedings{LWWF01-milcom,
author={ Xiang-Yang Li and Peng-Jun Wan and Yu Wang and Ophir Frieder},
title={Constrained Shortest Paths in Wireless Networks},
booktitle={IEEE MilCom'2001},
address={McVean, VA, Oct 28-31},
year={ 2001}
}

@inproceedings{LW01-cocoon,
author={ Xiang-Yang Li and Yu Wang },
title={How Good is Sink Insertion},
booktitle={7th Annual International Computing and Combinatorics Conference (COCOON'2001) },
address={GuiLin, China},
year={Aug 20-23, 2001}
}

@inproceedings{WZ00-ISCSLP,
  author =   {Yu Wang and Xiaoyan Zhu},
  title =    {A New Approach for Incremental Speaker Adaptation},
  booktitle= {Proceedings of the International Symposium on Chinese Spoken Language Processing (ISCSLP 2000)},
  year =     {2000}
}

@inproceedings{ZXMWS00-WCICA,
  author =   {Shiwan Zhao and Ying Xia and Shaoping Ma and Yu Wang and Zhong Su},
  title =    {Word Classification Based on Statistics},
  booktitle= {Proc. of the 3rd World Congress on Intelligent Control and Automation (WCICA 2000)},
  year =     {2000}
}

%%%%%%%%%%%%%%%%%%%%%%%%%%%%%%%% Thesis %%%%%%%%%%%%%%%%%%
@MASTERSTHESIS{YW00-thesis,
  AUTHOR =       "Yu Wang",
  TITLE =        "Research on Adaptive Techniques for Speech Recognition",
  SCHOOL =       "Department of Computer Science, Tsinghua University",
  YEAR =         "2000"
}

@PHDTHESIS{YW04-thesis,
  AUTHOR =       "Yu Wang",
  TITLE =        "Efficient Localized Topology Control for Wireless Ad Hoc Networks",
  SCHOOL =       "Department of Computer Science, Illinois Institute of Technology",
  YEAR =         "2004"
}

%%%%%%%%%%%%%%%%%%%%%%%%%%%%%%%% TechReport %%%%%%%%%%%%%%%%%%
@TECHREPORT{LW03-lbl,
  AUTHOR =       "Xiaoye S. Li and Yu Wang",
  TITLE =        "Performance Evaluation and Enhancement of SuperLU_DIST 2.0",
  INSTITUTION =  "Lawrence Berkeley National Laboratory",
  YEAR =         "2003",
  number =       "LBNL-53624"
}

