@article{Zhang06,
author = {Z. Zhang},
journal = {IEEE Communications Surveys and Tutorials},
number = {1},
pages = {24-37},
title = {Routing in intermittently connected mobile ad hoc networks and delay tolerant networks: overview and challenges},
volume = {8},
year = {2006},
}

@article{WDW07,
author = {Y. Wang and H. Dang and H. Wu},
journal = {Wirel. Commun. Mob. Comput},
number = {10},
pages = {1197-1208},
title = {A survey on analytic studies of delay-tolerant mobile sensor networks},
volume = {7},
year = {2007},
unidentified = {vol},
}

@article{605408,
author = {P. Juang and H. Oki and Y. Wang and M. Martonosi and L. S. Peh and D. Rubenstein},
journal = {SIGOPS Oper. Syst. Rev},
number = {5},
pages = {96-107},
title = {Energy-efficient computing for wildlife tracking: design tradeoffs and early experiences with zebranet},
volume = {36},
year = {2002},
}

@inproceedings{aodv,
author = {C. Perkins and E. Royer},
booktitle = {Proc. of the 2nd IEEE Workshop on Mobile Computing Systems and Applications},
month = {February},
title = {Ad-hoc on-demand distance vector routing},
year = {1999},
}

@book{dsr,
address = {T. Imielinski and H. F. Korth (Eds.), Norwood, MA},
author = {D. B. Johnson and D. A. Maltz},
publisher = {Kluwer Academic Publishers, p.153--181},
title = {Dynamic source routing in ad hoc wireless networks, in Mobile Computing},
year = {1996},
}

@article{royer99review,
author = {E. Royer and C. Toh},
journal = {IEEE Personal Communications},
month = {April},
number = {2},
pages = {46-55},
title = {A review of current routing protocols for ad-hoc mobile wireless networks},
volume = {6},
year = {1999},
}

@inproceedings{YCW09-mobihoc,
author = {Q. Yuan and I. Cardei and J. Wu},
booktitle = {MobiHoc '09: Proceedings of the 10th ACM international symposium on Mobile ad hoc networking and computing},
pages = {95-104},
title = {Predict and relay: an efficient routing in disruption-tolerant networks},
year = {2009},
}

@inproceedings{data-mules,
author = {R. C. Shah and S. Roy and S. Jain and W. Brunette},
booktitle = {Proc. of the 1st IEEE International Workshop on Sensor Network Protocols and Applications},
pages = {30-41},
title = {Data mules: modeling a three-tier architecture for sparse sensor networks},
year = {2003},
}

@inproceedings{mv-routing,
author = {B. Burns and O. Brock and B. N. Levine},
booktitle = {Proceedings of the 24th IEEE International Conference on Computer Communications (INFOCOM)},
pages = {398-408},
title = {MV routing and capacity building in disruption tolerant networks},
year = {2005},
}

@inproceedings{989483,
author = {W. Zhao and M. Ammar and E. Zegura},
booktitle = {MobiHoc '04: Proceedings of the 5th ACM international symposium on Mobile ad hoc networking and computing},
pages = {187-198},
title = {A message ferrying approach for data delivery in sparse mobile ad hoc networks},
year = {2004},
}

@inproceedings{Zhao05controllingthe,
author = {W. Zhao and M. Ammar and E. Zegura},
booktitle = {Proceedings of the 24th IEEE International Conference on Computer Communications (INFOCOM)},
title = {Controlling the mobility of multiple data transport ferries in a delay-tolerant network},
year = {2005},
}

@techreport{citeulike:106741,
author = {A. Vahdat and D. Becker},
institution = {Duke University},
month = {April},
title = {Epidemic routing for partially connected ad hoc networks},
type = {Technical Report CS-200006},
year = {2000},
}

@inproceedings{1080143,
author = {T. Spyropoulos and K. Psounis and C. S. Raghavendra},
booktitle = {WDTN '05: Proceedings of the 2005 ACM SIGCOMM workshop on Delay-tolerant networking},
pages = {252-259},
title = {Spray and wait: an efficient routing scheme for intermittently connected mobile networks},
year = {2005},
}

@article{961272,
author = {A. Lindgren and A. Doria and O. Schel\'{e}n},
journal = {SIGMOBILE Mob. Comput. Commun. Rev},
number = {3},
pages = {19-20},
title = {Probabilistic routing in intermittently connected networks},
volume = {7},
year = {2003},
}

@article{1243153,
author = {X. Zhang and G. Neglia and J. Kurose and D. Towsley},
journal = {Comput. Netw},
number = {10},
pages = {2867-2891},
title = {Performance modeling of epidemic routing},
volume = {51},
year = {2007},
}

@inproceedings{Burgess06maxprop:routing,
author = {J. Burgess and B. Gallagher and D. Jensen and B. N. Levine},
booktitle = {Proceedings of the 25th IEEE International Conference on Computer Communications (INFOCOM)},
title = {Maxprop: Routing for vehicle-based disruption-tolerant networks},
year = {2006},
}

@inproceedings{leguay:mobility,
address = {SpainBarcelona, Spain},
author = {J. Leguay and T. Friedman and V. Conan},
booktitle = {Proceedings of the 25th IEEE International Conference on Computer Communications (INFOCOM)},
month = {April},
publisher = {Barcelona},
title = {Evaluating mobility pattern space routing for {DTNs}},
year = {2006},
}

@inproceedings{LW08-mobihoc,
author = {C. Liu and J. Wu},
booktitle = {MobiHoc '08: Proceedings of the 9th ACM international symposium on Mobile ad hoc networking and computing},
pages = {351-360},
title = {Routing in a cyclic mobispace},
year = {2008},
}

@inproceedings{1288115,
author = {C. Liu and J. Wu},
booktitle = {MobiHoc '07: Proceedings of the 8th ACM international symposium on Mobile ad hoc networking and computing},
pages = {51-60},
title = {Scalable routing in delay tolerant networks},
year = {2007},
}

@inproceedings{LW09-mobihoc,
author = {C. Liu and J. Wu},
booktitle = {MobiHoc '09: Proceedings of the 10th ACM international symposium on Mobile ad hoc networking and computing},
pages = {105-114},
title = {An optimal probabilistic forwarding protocolin delay tolerant networks},
year = {2009},
}

@inproceedings{ZKLTZ07,
author = {X. Zhang and J. Kurose and B. N. Levine and D. Towsley and H. Zhang},
booktitle = {MobiCom '07: Proceedings of the 13th annual ACM international conference on Mobile computing and networking},
pages = {195-206},
title = {Study of a bus-based disruption-tolerant network: mobility modeling and impact on routing},
year = {2007},
}

@inproceedings{LCA-CONF-2008-078,
author = {M. Piorkowski and N. Sarafijanovoc-Djukic and M. Grossglauser},
booktitle = {Proc. of the 1st International {C}onference on {COM}munication {S}ystems and {NET}work{S} ({COMSNETS})},
pages = {1-10},
title = {A parsimonious model of mobile partitioned networks with clustering},
year = {2009},
}

@inproceedings{CFL08,
author = {A. Chaintreau and P. Fraigniaud and E. Lebhar},
booktitle = {WOSN '08: Proceedings of the first ACM Workshop on Online Social Networks},
pages = {73-78},
title = {Opportunistic spatial gossip over mobile social networks},
year = {2008},
}

@inproceedings{CLP08,
author = {F. Chierichetti and S. Lattanzi and A. Panconesi},
booktitle = {DIAL M-POMC '08: Proceedings of the 5th ACM international workshop on Foundations of mobile computing},
pages = {27-28},
title = {Gossiping (via mobile?) in social networks},
year = {2008},
}

@inproceedings{MLFP08,
author = {E. Miluzzo and N. D. Lane and K. Fodor and R. Peterson and H. Lu and M. Musolesi and S. B. Eisenman and X. Zheng and A. T. Campbell},
booktitle = {SenSys '08: Proceedings of the 6th ACM conference on Embedded network sensor systems},
pages = {337-350},
title = {Sensing meets mobile social networks: the design, implementation and evaluation of the CenceMe application},
year = {2008},
}

@article{BGAEKRRSSTH08,
author = {A. Beach and M. Gartrell and S. Akkala and J. Elston and J. Kelley and K. Nishimoto and B. Ray and S. Razgulin and K. Sundaresan and B. Surendar and M. Terada and R. Han},
journal = {IEEE Network},
number = {4},
pages = {50-55},
title = {{WhozThat}? evolving an ecosystem for context-aware mobile social networks},
volume = {22},
year = {2008},
}

@inproceedings{DSXW09,
author = {Z.-B. Dong and G.-J. Song and K.-Q. Xie and J.-Y. Wang},
booktitle = {Proc. of the 18th International World Wide Web Conference (WWW2009)},
title = {An experimental study of large-scale mobile social network},
year = {2009},
}

@inproceedings{psn,
author = {P. Hui and A. Chaintreau and J. Scott and R. Gass and J. Crowcroft and C. Diot},
booktitle = {WDTN '05: Proceedings of the 2005 ACM SIGCOMM workshop on Delay-tolerant networking},
title = {Pocket switched networks and the consequences of human mobility in conference environments},
year = {2005},
}

@inproceedings{Label,
author = {P. Hui and J. Crowcroft},
booktitle = {International Workshop on Intermittently Connected Mobile Ad hoc Networks in conjunction with IEEE PerCom 2007},
pages = {19-23},
publisher = {MarchMarch},
title = {How small labels create big improvements},
year = {2007},
}

@inproceedings{Centrality,
author = {E. M. Daly and M. Haahr},
booktitle = {MobiHoc '07 Proceedings of the 8th ACM international symposium on Mobile ad hoc networking and computing},
title = {Social network analysis for routing in disconnected delay-tolerant manets},
year = {2007},
}

@inproceedings{Bubble,
author = {P. Hui and J. Crowcroft and E. Yonek},
booktitle = {Proc. of the 9th ACM International Symposium on Mobile Ad Hoc Networking and Computing (MobiHoc)},
month = {May},
title = {Bubble rap: Social-based forwarding in delay tolerant networks},
year = {2008},
}

@inproceedings{Multicast,
author = {W. Gao and Q. Li and B. Zhao and G. Cao},
booktitle = {MobiHoc '09: Proceedings of the 10th ACM international symposium on Mobile ad hoc networking and computing},
title = {Multicasting in delay tolerant networks: a social network perspective networks},
year = {2009},
}

@inproceedings{Homophily,
author = {Y. Zhang and J. Zhao},
booktitle = {MobiHoc '09: Proceedings of the tenth ACM international symposium on Mobile ad hoc networking and computing},
title = {Social network analysis on data diffusion in delay tolerant networks},
year = {2009},
}

@inproceedings{Friendship,
author = {E. Bulut and B. K. Szymanski},
booktitle = {Proceedings of IEEE Global Telecommunications Conference (GLOBECOM)},
title = {Friendship based routing in delay tolerant mobile social networks},
year = {2010},
}

@book{scott-book-2000,
author = {J. Scott},
publisher = {Sage Publications},
title = {Social Network Analysis: A Handbook},
year = {2000},
}

@book{WF94-book,
author = {S. Wasserman and K. Faust},
publisher = {Cambridge University Press},
title = {Social Network Analysis: Methods and Applications},
year = {1994},
}

@article{LdAH07,
author = {P.G. Lind, L.R. da Silva, J.S. Andrade and H.J. Herrmann},
journal = {Physical Review E},
number = {3},
title = {Spreading gossip in social networks},
volume = {76},
year = {2007},
}

@inproceedings{YSO10,
author = {M. E. Yildiz and A. Scaglione and A. Ozdaglar},
booktitle = {Proceedings of the 49th IEEE Conference on Decision and Control (CDC 2010)},
title = {Asymmetric information diffusion via gossiping on static and dynamic networks},
year = {2010},
}

@inproceedings{TMML09,
author = {J. Tang and M. Musolesi and C. Mascolo and V. Latora},
booktitle = {Proceeding of the 2nd ACM workshop on Online social networks},
title = {Temporal distance metrics for social network analysis},
year = {2009},
}

@article{TMML10,
author = {J. Tang and M. Musolesi, C. Mascolo and V. Latora},
journal = {ACM SIGCOMM Computer Communication Review},
number = {1},
title = {Characterising temporal distance and reachability in mobile and online social networks},
volume = {40},
year = {2010},
}

@inproceedings{LKPM10,
author = {C. Lee and H. Kwak and H. Park and S. Moon},
booktitle = {Proceeding of the 19th international conference on World wide web},
title = {Finding influentials based on the temporal order of information adoption in Twitter},
year = {2010},
}

@inproceedings{ZTHOJL10,
author = {Q. Zhao and Y. Tuan and Q. He and N. Oliver and R. Jin and W. Lee},
booktitle = {Proceedings of the 19th ACM international conference on Information and knowledge management},
title = {Communication motifs: a tool to characterize social communications},
year = {2010},
}

@inproceedings{BKA09,
author = {E. Bakshy and B. Karrer and L. Adamic},
booktitle = {Proceeding of the tenth ACM conference on Electronic commerce},
title = {Social influence and the diffusion of user-created content},
year = {2009},
}

@inproceedings{KKMRR10,
author = {C. J. Kuhlman and V. S. A. Kumar and M. V. Marathe and S. S. Ravi and D. J. Rosenkrantz},
booktitle = {Proceeding of the 2010 European conference on Machine learning and knowledge discovery in databases: Part 2},
title = {Finding critial nodes for inhibiting diffusion of complex contagions in social networks},
year = {2010},
}

@inproceedings{MMGDB07,
author = {A. Mislove and M. Marcon and K. P. Gummadi and P. Druschel and B. Bhattacharjee},
booktitle = {Proceedings of the 7th ACM SIGCOMM conference on Internet measurement (IMC '07)},
title = {Measurement and analysis of online social networks},
year = {2007},
}

@article{Kerbs02,
author = {V. E. Krebs},
journal = {Connections},
number = {3},
pages = {43-52},
title = {Mapping networks of terrorist cells},
volume = {24},
year = {2002},
}

@inproceedings{HLS09,
author = {T. Hossmann and F. Legendre and T. Spyropoulos},
booktitle = {INFOCOM'09: Proceedings of the 28th IEEE International conference on Computer Communications Workshops},
pages = {260-265},
title = {From contacts to graphs: pitfalls in using complex network analysis for DTN routing},
year = {2009},
}

@inproceedings{HLS10,
author = {T. Hossmann and T. Spyropoulos and F. Legendre},
booktitle = {INFOCOM'10: Proceedings of the 29th IEEE International conference on Computer Communications},
title = {Know thy neighbor: Towards optimal mapping of contacts to social graphs for DTN routing},
year = {2010},
}

@inproceedings{DFGV03,
author = {H. Dubois-Ferriere and M. Grossglauser and M. Vetterli},
booktitle = {Proc. of ACM MobiHoc},
title = {Age matters: efficient route discovery in mobile ad hoc networks using encounter ages},
year = {2003},
}

@inproceedings{VMAC08,
author = {V. Erranmilli and M. Crovella and A. Chaintreau and C. Diot},
booktitle = {Proc. of ACM MobiHoc},
title = {Delegation forwarding},
year = {2008},
}

@inproceedings{EC07,
author = {V. Erramilli and M. Crovella},
booktitle = {Proc. of ACM IMC},
title = {Diversity of forwarding paths in pocket switched networks},
year = {2007},
}

@inproceedings{Community,
author = {P. Hui and E. Yoneki and S. Y. Chan and J. Crowcroft},
booktitle = {Proc. of ACM SIGCOMM Workshop, MobiArch'07},
title = {Distributed community detection in delay tolerant networks},
year = {2007},
}

@inproceedings{Community2,
author = {E. Yoneki and P. Hui and J. Crowcroft},
booktitle = {Proc. of ACM MobiCom Workshop on Challenged Networks (CHANTS)},
publisher = {SeptemberSeptember},
title = {Visualizing community detection in opportunistic networks},
year = {2007},
}

@inproceedings{Community3,
author = {P. Hui and E. Yoneki and J. Crowcroft},
booktitle = {Proc. of the 1st International Conference on Complex Sciences: Theory and Applications (Complex 2009)},
month = {February},
title = {Identifying social communities in complex communications for network efficiency},
year = {2009},
}

@inproceedings{Community4,
author = {S. Y. Chan and P. Hui and K. Xu},
booktitle = {Proc. of the 1st International Conference on Complex Sciences: Theory and Applications (Complex 2009)},
month = {February},
title = {Community detection of time-varying mobile social networks},
year = {2009},
}

@article{Hillery55,
author = {G. A. Hillery},
journal = {Rural Sociology},
number = {4},
pages = {111},
title = {Definitions of community: areas of agreement},
volume = {20},
year = {1955},
}

@article{MC86,
author = {D. W. McMillan and D. M. Chavis},
journal = {Journal of Community Psychology},
number = {1},
pages = {6-23},
title = {Sense of community: A definition and theory},
volume = {14},
year = {1986},
}

@article{PDRWC90,
author = {D. D. Perkins and P. Florin and R. C. Rich and A. Wandersman and D. M. Chavis},
journal = {American Journal of Community Psychology},
pages = {83-115},
title = {Participation and the social and physical environment of residential blocks: Crime and community context},
volume = {18},
year = {1990},
}

@article{Definition-Comunity,
author = {S. Okasha},
journal = {British Journal for the Philosophy of Science},
number = {4},
pages = {730-725},
title = {Altruism, group selection and correlated interaction},
volume = {56},
year = {2005},
}

@article{N04,
author = {M. E. J. Newman},
journal = {The European Physical Journal B-Condensed Matter and Complex Systems},
number = {2},
pages = {321-330},
title = {Detecting community structure in networks},
volume = {38},
year = {2004},
}

@article{GN02,
author = {M. Girvan and M. E. J. Newman},
journal = {Proc. Natl. Acad. Sci},
number = {12},
pages = {7821-7826},
title = {Community structure in social and biological networks},
volume = {99},
year = {2002},
}

@article{N04-2,
author = {M. E. J. Newman},
journal = {PHYS.REV.E},
pages = {066133},
title = {Fast algorithem for detecting community structure in networks},
volume = {69},
year = {2004},
}

@article{DDAD05,
author = {L. Danon and J. Duch and A. Arenas and A. Díaz-guilera},
journal = {Journal of Statistical Mechanics: Theory and Experiment},
pages = {09008},
title = {Comparing community structure identification},
volume = {9008},
year = {2005},
}

@inproceedings{Community5,
address = {no. 23, pp. 8577, vol. 103},
author = {M. E. J. Newman},
booktitle = {Proceedings of the National Academy of Sciences},
title = {Modularity and community structure in networks},
year = {2006},
}

@article{BGLL08,
author = {V. D. Blondel, J. -L. Guillaume, R. Lambiotte and E. Lefebvre},
journal = {Journal of Statistical Mechanics: Theory and Experiment},
pages = {10008},
title = {Fast unfolding of community hierarchies in large networks},
year = {2008},
}

@article{EB98,
author = {M. G. Everett and S. P. Borgatti},
journal = {Connections},
number = {1},
pages = {49-61},
title = {Analyzing clique overlap connection},
volume = {21},
year = {1998},
}

@article{citeulike:1037042,
author = {P. V. Marsden},
journal = {Social Networks},
month = {October},
number = {4},
pages = {407-422},
title = {Egocentric and sociocentric measures of network centrality},
volume = {24},
year = {2002},
}

@article{Definition-Centrality1,
author = {L. C. Freeman},
journal = {Sociometry},
number = {1},
pages = {35-41},
title = {A set of measures of centrality based on betweenness},
volume = {40},
year = {1977},
}

@article{Definition-Centrality2,
author = {L. C. Freeman},
journal = {Social networks},
number = {3},
pages = {215-239},
title = {Centrality in social networks: conceptual clarification},
volume = {1},
year = {1979},
}

@article{Definition-Centrality3,
author = {M. J. Newman},
journal = {Socail networks},
number = {1},
pages = {39-54},
title = {A measure of betweenness centrality based on random walks},
volume = {27},
year = {2005},
}

@inproceedings{MMSS11,
author = {A. Mei and G. Morabito and P. Santi and J. Stefa},
booktitle = {Proceeding of the 30th IEEE Conference on Computer Communications(INFOCOM) mini-conference},
title = {Social-aware stateless forwarding in pocket switched networks},
year = {2011},
}

@inproceedings{LFC05,
author = {J. Leguay and T. Friedman and V. Conan},
booktitle = {Proceeding of ACM WDTN},
title = {DTN routing in a mobility pattern space},
year = {2005},
}

@article{MSC01,
author = {M. McPherson and L. Smith-Lovin and J. M. Cook},
journal = {Annual Review of Sociology},
pages = {415-444},
title = {Birds of a feather: Homophily in social networks},
volume = {27},
year = {2001},
}

@inproceedings{YKH06,
address = {vol. 36, no. 2},
author = {J. Yeo and D. Kotz and T. Henderson},
booktitle = {SIGCOMM Comput. Commun. Rev.},
pages = {21-22},
title = {Crawdad: a community resource for archiving wireless data at dartmouth},
year = {2006},
}

@article{SMO06,
author = {V. Srinivasan and M. Motani and W. T. Ooi},
journal = {Downloaded from Http://crawdad.cs.dartmouth.edu/nus/contact},
month = {Aug},
title = {CRAWDAD data set nus/contact(v.2006-08-01)},
year = {2006},
}

@article{BLMZBVZCBCT08,
author = {J. Burgess and B. N. Levine and R. Mahajan and J. Zahorjan and A. Balasubramanian and A. Venkataramani and Y. Zhou and B. Croft and N. Banerjee and M. Corner and D. Towsley},
journal = {Downloaded from http://crawdad.cs.dartmouth.edu/umass/diesel},
month = {09},
title = {CRAWDAD data set umass/diesel (v. 2008-09-14)},
year = {2008},
}

@article{SGCHDC06,
author = {J. Scott and R. Gass and J. Crowcroft and P. Hui and C. Diot and A. Chaintreau},
journal = {Downloaded from http://crawdad.cs.dartmouth.edu/cambridge/haggle},
month = {Sept},
title = {CRAWDAD data set cambridge/haggle (v. 2006-09-15)},
year = {2006},
}

@article{PSG09,
author = {M. Piorkowski and N. Sarafijanovic-Djukic and M. Grossglauser},
journal = {Downloaded from http://crawdad.cs.dartmouth.edu/epfl/mobility},
month = {February},
title = {CRAWDAD data set epfl/mobility (v.2009-02-24)},
year = {2009},
}

@incollection{NRC12,
author = {Nokia Research Center},
booktitle = {http://research.nokia.com/page/12000},
title = {Mobile data challenge (mdc)},
year = {2012},
}

@book{D4Dreport,
author = {V. D. Blondel and M. Esch and C. Chan and F. Clerot and P. Deville and E. Huens and F. Morlot and Z. Smoreda and C. Ziemlicki},
title = {Data for development: The D4D challenge on mobile phone data},
year = {2013},
}

@unpublished{Geofast,
author = {The Geofast Web Interface},
url = {http://www.geofast.net},
}

@unpublished{MITML05,
author = {Mit Media Lab},
title = {Reality mining project},
year = {2005},
url = {http://reality.media.mit.edu/},
}

@unpublished{UOS11,
author = {University of Strathclyde},
title = {Nodobo data release},
year = {2011},
url = {http://nodobo.com/release.html},
}

@unpublished{UOH05,
author = {University of Helsinki},
title = {The context project},
year = {2005},
url = {http://www.cs.helsinki.fi/group/context/data},
}

@inproceedings{GC11,
author = {W. Gao and G. Cao},
booktitle = {Proceeding s of the 30th IEEE Conference on Computer Communications (INFOCOM)},
title = {User-centric data dissemination in disruption tolerant networks},
year = {2011},
}

@article{FV11,
author = {F. Fabbri and R. Verdone},
journal = {EURASIP Journal on Wireless Communications and Networking},
month = {January},
title = {A sociability-based routing scheme for delay-tolerant networks},
year = {2011},
}

@inproceedings{BMSU99,
author = {P. Bose and P. Morin and I. Stojmenovic and J. Urrutia},
booktitle = {3rd int. Workshop on Discrete Algorithms and methods for mobile computing and communications},
year = {1999},
title = {Routing with guaranteed delivery in ad hoc wireless networks},
}

@inproceedings{KV98,
address = {NY, USA},
author = {Young-Bae Ko and Nitin H. Vaidya},
booktitle = {MobiCom '98: Proceedings of the 4th annual ACM/IEEE international conference on Mobile computing and networking},
pages = {66-75},
title = {Location-aided routing (lar) in mobile ad hoc networks},
year = {1998},
}

@article{MWH01,
author = {M. Mauve and A. Widmer and H. Hartenstein},
journal = {in Network, IEEE},
number = {6},
pages = {30-39},
title = {A survey on position-based routing in mobile ad hoc networks},
volume = {15},
year = {2001},
}

@article{GCLH10,
author = {M. Gerla and P.-C. Cheng and K.-C. Lee and J. Harri},
journal = {Mobile Networks and Applications},
number = {1},
pages = {61-82},
title = {GeoDTN+Nav: Geographic dtn routing with navigator prediction for urban vehicular environments},
volume = {15},
year = {2010},
}

@inproceedings{BK00,
author = {Brad Karp and H. T. Kung},
booktitle = {Proc. of the ACM/IEEE International Conference on Mobile Computing and Networking (MobiCom)},
title = {GPSR: Greedy perimeter stateless routing for wireless networks},
year = {2000},
}



@inproceedings{GCFDS10,
author = {W. Gao and J. Chen and J. Fan and Y. Du and Y. Sun},
booktitle = {Proceeding of Mobile Ad Hoc and Sensor Systems (MASS)},
title = {Geography-aware active data dissemination in mobile social networks},
year = {2010},
}

@inproceedings{GC10,
author = {W. Gao and G. Cao},
booktitle = {Proceedings of the 11th ACM International Symposium on Mobile Ad Hoc Networking and Computing (MobiHoc)},
title = {Fine-grained mobility characterization: Steady and transient state behaviors},
year = {2010},
}

@article{HFHPRW09,
author = {M. Hall and E. Frank and G. Holmes and B. Pfahringer and P. Reutemann and I. H. Witten},
journal = {SIGKDD Explorations},
title = {The WEKA Data Mining Software: An Update},
volume = {11},
}

@inproceedings{WYMMBE-MASS2006,
    author = {Zhao, Wenrui and Chen, Yang and Ammar, Mostafa and Corner, Mark and Levine, Brian and Zegura, Ellen},
    booktitle = {Proc. of IEEE Intl Conf on Mobile Ad hoc and Sensor Systems (MASS)},
    title = {Capacity Enhancement using Throwboxes in {DTNs}},
    year = {2006}
}


@article{Ibrahim:2007,
 author = {Ibrahim, Mouhamad and Al Hanbali, Ahmad and Nain, Philippe},
 title = {Delay and resource analysis in {MANETs} in presence of throwboxes},
 journal = {Performance Evaluation},
 volume = {64},
 number = {9-12},
 month = oct,
 year = {2007},
 pages = {933--947},
 }

@article{Banerjee10,
    author = {Nilanjan Banerjee and Mark D. Corner and Brian Neil Levine},
    title = {Design and Field Experimentation of an Energy-Efficient Architecture for {DTN} Throwboxes},
  journal = {IEEE/ACM Transactions on Networking},
 volume = {18},
 number = {2},
 year = {2010},
 pages = {554--567},}


@INPROCEEDINGS{Banerjee07,
    author = {Nilanjan Banerjee and Mark D. Corner and Brian Neil Levine},
    title = {An Energy-Efficient Architecture for {DTN} Throwboxes},
    booktitle = {Proc. of IEEE Infocom},
    year = {2007}
}

@INPROCEEDINGS{Banerjee08relays,
    author = {Nilanjan Banerjee and Mark D. Corner and Don Towsley and Brian N. Levine},
    title = {Relays, Base Stations, and Meshes: Enhancing Mobile Networks with Infrastructure},
    booktitle = {Proceedings of ACM Mobicom},
    year = {2008}
}

@inproceedings{Ibrahim:2009,
 author = {Ibrahim, Mouhamad and Nain, Philippe and Carreras, Iacopo},
 title = {Analysis of relay protocols for throwbox-equipped {DTNs}},
 booktitle = {Proceedings of the 7th international conference on Modeling and Optimization in Mobile, Ad Hoc, and Wireless Networks},
 series = {WiOPT'09},
 year = {2009},
 pages = {222--230},
 numpages = {9},
 publisher = {IEEE Press},
 address = {Piscataway, NJ, USA},
}


@MISC{Joel:2010,
author = {Joel J. P. C. Rodrigues and Vasco N. G. J. Soares and Farid Farahmand},
title = {Stationary Relay Nodes Deployment on Vehicular Opportunistic Networks},
  howpublished = "Book Chapter of ``Mobile Opportunistic Networks: Architectures, Protocols and Applications'', edited by Mieso K. Denko, Auerbach Publications",
  year =         "2011",
  note =         ""
}


@INPROCEEDINGS{6134049,
author={Bo Gu and Xiaoyan Hong},
booktitle={Proc. of IEEE Global Telecommunications Conference (GLOBECOM 2011)},
title={Capacity-Aware Routing Using Throw-Boxes},
year={2011}}

@INPROCEEDINGS{GH10,
author={Bo Gu and Xiaoyan Hong},
booktitle={Proc. of IEEE Global Telecommunications Conference (GLOBECOM 2010)},
title={Latency Analysis for Thrown Box Based Message Dissemination },
year={2010}}


@INPROCEEDINGS{6158205,
author={Bo Gu and Xiaoyan Hong},
booktitle={Proc. of  6th International ICST Conference on Communications and Networking in China (CHINACOM)},
title={Optimal routing strategy in throw-box based delay tolerant network},
year={2011},
pages={501-506},
}

@INPROCEEDINGS{JAN13,
author={James Mclnerney and Alex Rogers and Nicholas R. Jennings},
booktitle={Proc. of 3rd International Conference on the Analysis of Mobile Phone Datasets (NetMob 2013)},
title={Crowdsourcing Physical Package Delivery Using the Existing Routine Mobility of a Local Population},
year={2013}}



@article{cornuejols1977location,
    author = {Cornuejols, Gerard and Fisher, Marshall L. and Nemhauser, George L.},
    citeulike-article-id = {11862758},
    journal = {Management Science},
    number = {8},
    posted-at = {2013-01-02 15:43:24},
    priority = {2},
    publisher = {JSTOR},
    title = {{Location of bank accounts to optimize float: An analytic study of exact and approximate algorithms}},
    volume = {23},
    year = {1977}
}

@article{NWF78,
year={1978},
issn={0025-5610},
journal={Mathematical Programming},
volume={14},
number={1},
doi={10.1007/BF01588971},
title={An analysis of approximations for maximizing submodular set functions I},
url={http://dx.doi.org/10.1007/BF01588971},
publisher={Springer-Verlag},
keywords={Heuristics; Greedy Algorithm; Interchange Algorithm; Linear Programming; Matroid Optimization; Submodular Set Functions},
author={Nemhauser, G.L. and Wolsey, L.A. and Fisher, M.L.},
pages={265-294},
language={English}
}

@article{WDPW10,
year={2010},
issn={0926-6003},
journal={Computational Optimization and Applications},
volume={45},
number={2},
doi={10.1007/s10589-009-9269-y},
title={Greedy approximations for minimum submodular cover with submodular cost},
url={http://dx.doi.org/10.1007/s10589-009-9269-y},
publisher={Springer US},
keywords={Greedy approximations; Minimum submodular cover},
author={Wan, Peng-Jun and Du, Ding-Zhu and Pardalos, Panos and Wu, Weili},
pages={463-474},
language={English}
}

@article{Wolsey82,
author = {L. A. Wolsey},
journal = {Combinatorica},
number = {4},
pages = {385-393},
title = {An analysis of the greedy algorithm for the submodular set covering problem},
volume = {2},
year = {1982},
}


@article{XFJ03-FCS,
    author = {Xuan, Bui B. and Ferreira, A. and Jarry, A.},
    journal = {International Journal of Foundations of Computer Science},
    number = {2},
    pages = {267--285},
    title = {{Computing shortest, fastest, and foremost journeys in dynamic networks}},
    volume = {14},
    year = {2003}
}

@techreport{Merugu04routingin,
    author = {Merugu, Shashidhar and Ammar, Mostafa and Zegura, Ellen},
    institution = {GaTech },
title = {Routing in Space and Time in Networks with Predictable Mobility},
type = {Technical Report GIT-CC-04-07},
year = {2004},
}


@inproceedings{MGF06-WiMob,
 author = {Monteiro, J. and Goldman, A. and Ferreira, A.},
 title = {Performance Evaluation of Dynamic Networks using an Evolving Graph Combinatorial Model},
 booktitle = {Proceedings of the 2006 IEEE International Conference on Wireless and Mobile Computing, Networking and Communications},
 series = {WIMOB '06},
 year = {2006},
 isbn = {1-4244-0494-0},
 pages = {173--180},
 numpages = {8},
 url = {http://dx.doi.org/10.1109/WIMOB.2006.1696378},
 doi = {10.1109/WIMOB.2006.1696378},
 acmid = {1339790},
 publisher = {IEEE Computer Society},
 address = {Washington, DC, USA},
}


@inproceedings{AG09-EW,
  author = {Luciana Arantes and Alfredo Goldman and M\'arcio Vin\'icius Dos Santos},
  title = {Using Evolving Graphs to evaluate DTN routing protocols},
  booktitle = {Proc. of ExtremeCom 2009},
  year = {2009},
}

@article{B09,
  author    = {Nouha Baccour and
               Anis Koubaa and
               Luca Mottola and
               Marco Antonio Z{\'u}{\~n}iga Zamalloa and
               Habib Youssef and
               Carlo Alberto Boano and
               M{\'a}rio Alves},
  title     = {Radio link quality estimation in wireless sensor networks:
               A survey},
  journal   = {TOSN},
  volume    = {8},
  number    = {4},
  year      = {2012},
  pages     = {34},
  ee        = {http://doi.acm.org/10.1145/2240116.2240123},
  bibsource = {DBLP, http://dblp.uni-trier.de}
}

@INPROCEEDINGS{Sung-Ju00mobilityprediction,
author={Su, W. and Sung-Ju Lee and Gerla, M.},
booktitle={MILCOM 2000. 21st Century Military Communications Conference Proceedings},
title={Mobility prediction in wireless networks},
year={2000},
volume={1},
pages={491-495 vol.1},
doi={10.1109/MILCOM.2000.905001},
}

@article{lloyd2007relay,
  title={Relay node placement in wireless sensor networks},
  author={Lloyd, Errol L and Xue, Guoliang},
  journal={Computers, IEEE Transactions on},
  volume={56},
  number={1},
  pages={134--138},
  year={2007},
  publisher={IEEE}
}

@article{tang2006relay,
  title={Relay node placement in large scale wireless sensor networks},
  author={Tang, Jian and Hao, Bin and Sen, Arunabha},
  journal={Computer communications},
  volume={29},
  number={4},
  pages={490--501},
  year={2006},
  publisher={Elsevier}
}

@article{cheng2008relay,
  title={Relay sensor placement in wireless sensor networks},
  author={Cheng, Xiuzhen and Du, Ding-Zhu and Wang, Lusheng and Xu, Baogang},
  journal={Wireless Networks},
  volume={14},
  number={3},
  pages={347--355},
  year={2008},
  publisher={Springer}
}


@article{EMTX13,
author = {F. El-Moukaddem and E. Torng and  Guoliang Xing},
title = {Mobile Relay Configuration in Data-Intensive Wireless Sensor Networks},
journal ={IEEE Transactions on Mobile Computing},
volume = {12},
number = {2},
issn = {1536-1233},
year = {2013},
pages = {261-273},
doi = {http://doi.ieeecomputersociety.org/10.1109/TMC.2011.266},
publisher = {IEEE Computer Society},
address = {Los Alamitos, CA, USA},
}

@inproceedings{WSC05,
 author = {Wang, Wei and Srinivasan, Vikram and Chua, Kee-Chaing},
 title = {Using mobile relays to prolong the lifetime of wireless sensor networks},
 booktitle = {Proceedings of the 11th annual international conference on Mobile computing and networking},
 series = {MobiCom '05},
 year = {2005},
 isbn = {1-59593-020-5},
 location = {Cologne, Germany},
 pages = {270--283},
 numpages = {14},
 url = {http://doi.acm.org/10.1145/1080829.1080858},
 doi = {10.1145/1080829.1080858},
 acmid = {1080858},
 publisher = {ACM},
 address = {New York, NY, USA},
 keywords = {mobile relay, network lifetime, sensor networks},
}



@article{Kuipers02anoverview,
  title={An overview of constraint-based path selection algorithms for QoS routing},
  author={Kuipers, Fernado and Van Mieghem, Piet and Korkmaz, Turgay and Krunz, Marwan},
  journal={Communications Magazine, IEEE},
  volume={40},
  number={12},
  pages={50--55},
  year={2002},
  publisher={IEEE}
}

@article{RS00,
  title={A distributed algorithm for delay-constrained unicast routing},
  author={Reeves, Douglas S and Salama, Hussein F},
  journal={Networking, IEEE/ACM Transactions on},
  volume={8},
  number={2},
  pages={239--250},
  year={2000},
  publisher={IEEE}
}


@article{Kuipers04performanceevaluation,
  title={Performance evaluation of constraint-based path selection algorithms},
  author={Kuipers, Fernando and Korkmaz, Turgay and Krunz, Marwan and Van Mieghem, Piet},
  journal={Network, IEEE},
  volume={18},
  number={5},
  pages={16--23},
  year={2004},
  publisher={IEEE}
}


@article{Gallagher05explainingrouting,
  title={Explaining Routing Performance in Disruption Tolerant Networks},
  author={Gallagher, Brian and Jensen, David and Levine, Brian Neil},
  journal={Department of Computer Science, University of Massachusetts, Tech. Rep},
  year={2005},
  publisher={Citeseer}
}

@article{Spyropoulos2008,
  title={Efficient routing in intermittently connected mobile networks: the multiple-copy case},
  author={Spyropoulos, Thrasyvoulos and Psounis, Konstantinos and Raghavendra, Cauligi S},
  journal={Networking, IEEE/ACM Transactions on},
  volume={16},
  number={1},
  pages={77--90},
  year={2008},
  publisher={IEEE}
}

@article{AB84,
  title={A survey of network reliability and domination theory},
  author={Agrawal, Avinash and Barlow, Richard E},
  journal={Operations Research},
  volume={32},
  number={3},
  pages={478--492},
  year={1984},
  publisher={INFORMS}
}

@inproceedings{ZZC07,
 author = {Zhang, Yang and Zhao, Jing and Cao, Guohong},
 title = {On scheduling vehicle-roadside data access},
 booktitle = {Proceedings of the fourth ACM international workshop on Vehicular ad hoc networks},
 series = {VANET '07},
 year = {2007},
 isbn = {978-1-59593-739-1},
 location = {Montreal, Quebec, Canada},
 pages = {9--18},
 numpages = {10},
 url = {http://doi.acm.org/10.1145/1287748.1287751},
 doi = {10.1145/1287748.1287751},
 acmid = {1287751},
 publisher = {ACM},
 address = {New York, NY, USA},
 keywords = {data quality, roadSide unit(RSU), scheduling, upload/download},
}

@ARTICLE{4356982,
author={Jing Zhao and Guohong Cao},
journal={Vehicular Technology, IEEE Transactions on},
title={VADD: Vehicle-Assisted Data Delivery in Vehicular Ad Hoc Networks},
year={2008},
volume={57},
number={3},
pages={1910-1922},
keywords={ad hoc networks;mobile radio;protocols;data-delivery delay;hybrid probe protocol;multihop data delivery;packet-delivery ratio;road layout;traffic pattern;vehicle-assisted data delivery protocol;vehicular ad hoc network;Carry and forward;Vehicular networks;carry and forward;data delivery;routing;vehicular networks;wireless networks},
doi={10.1109/TVT.2007.901869},
ISSN={0018-9545},}

@inproceedings{ZhangKLTZ07,
Acm_Url = {http://doi.acm.org/10.1145/1287853.1287876},
Author = {Zhang, Xiaolan and Kurose, Jim and Levine, Brian Neil and Towsley, Don and Zhang, Honggang},
Booktitle = {Proc. ACM Intl. Conf. on Mobile Computing and Networking (Mobicom)},
Keywords = {DTN; routing; wireless;DOME},
Month = {September},
Pages = {195--206},
Slides_Url = {http://forensics.umass.edu/pubs/slides/zhang.mobicom.2007.ppt.pdf},
Sponsors = {CNS-0519881, ANI-0325868, and W911NF-06-3-0001},
Title = {Study of a Bus-Based Disruption Tolerant Network: Mobility Modeling and Impact on Routing},
Year = {2007}}
