@inproceedings{xiao2015multi,
  title={Multi-task assignment for crowdsensing in mobile social networks},
  author={Xiao, Mingjun and Wu, Jie and Huang, Liusheng and Wang, Yunsheng and Liu, Cong},
  booktitle={Computer Communications (INFOCOM), 2015 IEEE Conference on},
  pages={2227--2235},
  year={2015},
  organization={IEEE}
}

@inproceedings{jain2014multiarmed,
  title={A multiarmed bandit incentive mechanism for crowdsourcing demand response in smart grids},
  author={Jain, Shweta and Narayanaswamy, Balakrishnan and Narahari, Y},
  booktitle={Twenty-Eighth AAAI Conference on Artificial Intelligence},
  year={2014}
}

@article{agrawal2011analysis,
  title={Analysis of thompson sampling for the multi-armed bandit problem},
  author={Agrawal, Shipra and Goyal, Navin},
  journal={arXiv preprint arXiv:1111.1797},
  year={2011}
}

@article{agrawal2012thompson,
  title={Thompson sampling for contextual bandits with linear payoffs},
  author={Agrawal, Shipra and Goyal, Navin},
  journal={arXiv preprint arXiv:1209.3352},
  year={2012}
}

